<?xml version="1.0" encoding="UTF-8"?><collection xmlns="http://www.loc.gov/MARC21/slim"><record><leader>00430nam--2200145-i-4500</leader><controlfield tag="001">000033902</controlfield><controlfield tag="002">20161230</controlfield><controlfield tag="005">20170305184725</controlfield><controlfield tag="008">060222s1000------------r-----000-0-eng-d</controlfield><datafield ind1=" " ind2=" " tag="080"><subfield code="a">621.039(047:82)</subfield></datafield><datafield ind1=" " ind2=" " tag="245"><subfield code="a">Memoria anual 1977</subfield></datafield><datafield ind1=" " ind2=" " tag="260"><subfield code="a">Buenos Aires</subfield><subfield code="b">Comision Nacional De Energia Atomica</subfield><subfield code="c">1977-</subfield></datafield><datafield ind1=" " ind2=" " tag="490"><subfield code="a">(Titlu Anterior:Memoria Correspondiente Al Ejercicio:1963-1967)</subfield></datafield><datafield ind1=" " ind2=" " tag="852"><subfield code="a">24062</subfield></datafield><datafield ind1=" " ind2=" " tag="CAT"><subfield code="a">SYS</subfield><subfield code="c">20170305</subfield><subfield code="h">184725</subfield></datafield></record></collection>